@manual{rcore,
  title = {{R}: A Language and Environment for Statistical Computing},
  author = {{R Core Team}},
  organization = {R Foundation for Statistical Computing},
  address = {Vienna, Austria},
  year = {2020},
  url = {https://www.R-project.org/}
}

@article{steiger2004beyond,
  title={Beyond the {F} test: effect size confidence intervals and tests of close fit in the analysis of variance and contrast analysis},
  author={Steiger, James H},
  journal={Psychological Methods},
  volume={9},
  number={2},
  pages={164--182},
  year={2004},
  publisher={American Psychological Association},
  doi = {10.1037/1082-989X.9.2.164}
}

@book{hoffman2015longitudinal,
  title={Longitudinal analysis: Modeling within-person fluctuation and change},
  author={Hoffman, Lesa},
  year={2015},
  publisher={Routledge},
  address={New York},
  ISBN = {9780415876025}
}

@inbook{borenstein2009converting,
  title={Converting among effect sizes},
  booktitle={Introduction to meta-analysis},
  author={Borenstein, Michael and Hedges, Larry V and Higgins, Julian PT and Rothstein, Hannah R},
  year={2009},
  chapter={7},
  pages={45--49},
  publisher={John Wiley \& Sons},
  address={Chichester},
  doi = {10.1002/9780470743386.ch7}
}

@article{grant2014converting,
  title={Converting an odds ratio to a range of plausible relative risks for better communication of research findings},
  author={Grant, Robert L},
  journal={British Medical Journal},
  volume={348},
  pages={f7450},
  year={2014},
  publisher={British Medical Journal Publishing Group},
  doi = {10.1136/bmj.f7450}
}

@article{olejnik2003generalized,
  title={Generalized eta and omega squared statistics: measures of effect size for some common research designs},
  author={Olejnik, Stephen and Algina, James},
  journal={Psychological Methods},
  volume={8},
  number={4},
  pages={434--447},
  year={2003},
  publisher={American Psychological Association},
  doi = {10.1037/1082-989X.8.4.434}
}

@article{ludecke2020extracting,
  title={Extracting, computing and exploring the parameters of statistical models using {R}},
  author={L{\"u}decke, Daniel and Ben-Shachar, Mattan S and Patil, Indrajeet and Makowski, Dominique},
  journal={Journal of Open Source Software},
  volume={5},
  number={53},
  pages={2445},
  year={2020},
  doi = {10.21105/joss.02445}
}

@article{patil2020ggstatsplot,
  title = {{ggstatsplot}: 'ggplot2' Based Plots with Statistical Details},
  author = {Indrajeet Patil},
  year = {2018},
  journal = {CRAN},
  url = {https://CRAN.R-project.org/package=ggstatsplot/},
  doi = {10.5281/zenodo.2074621},
}

@manual{sjoberg2020gtsummary,
  title = {{g}tsummary: Presentation-Ready Data Summary and Analytic Result Tables},
  author = {Daniel D. Sjoberg and Michael Curry and Margie Hannum and Karissa Whiting and Emily C. Zabor},
  year = {2020},
  note = {R package version 1.3.5},
  url = {https://CRAN.R-project.org/package=gtsummary/},
}

@article{luedecke2019insight,
  title = {{i}nsight: A unified interface to access information from model objects in {R}},
  volume = {4},
  doi = {10.21105/joss.01412},
  number = {38},
  journal = {Journal of Open Source Software},
  author = {Daniel LÃ¼decke and Philip Waggoner and Dominique Makowski},
  year = {2019},
  pages = {1412},
}

@manual{behrendt2014lmbeta,
  title = {{l}m.beta: Add Standardized Regression Coefficients to lm-Objects},
  author = {Stefan Behrendt},
  year = {2014},
  note = {R package version 1.5-1},
  url = {https://CRAN.R-project.org/package=lm.beta/},
}

@manual{buchanan2019MOTE,
  title = {{MOTE: Measure of the Effect}: Package to assist in effect size calculations and their confidence intervals},
  author = {Erin M. Buchanan and Amber Gillenwaters and John E. Scofield and K.D. Valentine},
  year = {2019},
  note = {R package version 1.0.2},
  url = {https://github.com/doomlab/MOTE/},
}

@manual{kelley2020MBESS,
  title = {MBESS: The MBESS {R} Package},
  author = {Ken Kelley},
  year = {2020},
  note = {R package version 4.8.0},
  url = {https://CRAN.R-project.org/package=MBESS/},
}

@book{cohen1988statistical,
  title={Statistical power analysis for the behavioral sciences, 2nd ed.},
  author={Cohen, J},
  year={1988},
  publisher={Routledge},
  address={New York},
  ISBN = {9780805802832}
}

@book{hedges1985statistical,
  title={Statistical methods for meta-analysis},
  author={Hedges, L and Olkin, I},
  publisher={Academic Press},
  address={San Diego},
  ISBN={9780080570655},
  year={1985}
}

@book{bollen1989structural,
  title={Structural equations with latent variables},
  author={Bollen, Kenneth A},
  publisher={John Wiley \& Sons},
  address={New York},
  year={1989},
  ISBN={9780471011712},
  DOI = {10.1002/9781118619179}
}

@book{cramer1946mathematical,
  title={Mathematical methods of statistics},
  author={Cram{\'e}r, Harald},
  year={1946},
  publisher={Princeton University Press},
  address={Princeton},
  ISBN={9781400883868}
}

@article{kelley1935unbiased,
  title={An unbiased correlation ratio measure},
  author={Kelley, Truman L},
  journal={Proceedings of the National Academy of Sciences of the United States of America},
  volume={21},
  number={9},
  pages={554--559},
  year={1935},
  publisher={National Academy of Sciences},
  doi={10.1073/pnas.21.9.554}
}


@article{friedman1982simplified,
  title={Simplified determinations of statistical power, magnitude of effect and research sample sizes},
  author={Friedman, Herbert},
  journal={Educational and Psychological Measurement},
  volume={42},
  number={2},
  pages={521--526},
  year={1982},
  publisher={Sage Publications},
  address={Thousand Oaks, CA},
  doi={10.1177/001316448204200214}
}
