
@Manual{base2023,
    title = {R: A Language and Environment for Statistical Computing},
    author = {{R Core Team}},
    organization = {R Foundation for Statistical Computing},
    address = {Vienna, Austria},
    year = {2023},
    url = {https://www.R-project.org/},
  }


@article{degeest2010impact,
  title={The impact of research synthesis methods on industrial--organizational psychology: The road from pessimism to optimism about cumulative knowledge},
  author={DeGeest, David S and Schmidt, Frank L},
  journal={Research Synthesis Methods},
  volume={1},
  number={3-4},
  pages={185--197},
  year={2010},
  publisher={Wiley Online Library}
}

@article{wiernik2020unbiased,
  title={Obtaining unbiased results in meta-analysis: The importance of correcting for statistical artifacts},
  author={Wiernik, Brenton M and Dahlke, Jeffrey A},
  journal={Advances in Methods and Practices in Psychological Science},
  volume={3},
  number={1},
  pages={94--123},
  year={2020},
  publisher={Sage Publications Sage CA: Los Angeles, CA}
}
@article{benshachar2020effectsize,
  title = {{e}ffectsize: Estimation of Effect Size Indices and Standardized Parameters},
  author = {Mattan S. Ben-Shachar and Daniel Lüdecke and Dominique Makowski},
  year = {2020},
  journal = {Journal of Open Source Software},
  volume = {5},
  number = {56},
  pages = {2815},
  publisher = {The Open Journal},
  doi = {10.21105/joss.02815},
  url = {https://doi.org/10.21105/joss.02815}
}

@book{cramer1999mathematical,
  title={Mathematical Methods of Statistics},
  author={Cram{\'e}r, Harald},
  volume={43},
  year={1999},
  publisher={Princeton University Press}
}

@book{tschuprow1939principles,
  title={Principles of the Mathematical Theory of Correlation},
  author={Tschuprow, Aleksandr Aleksandrovich},
  year={1939},
  publisher={Hodge}
}

@article{rosenberg2010generalized,
  title={A generalized formula for converting chi-square tests to effect sizes for meta-analysis},
  author={Rosenberg, Michael S},
  journal={PloS one},
  volume={5},
  number={4},
  pages={e10059},
  year={2010},
  publisher={Public Library of Science San Francisco, USA}
}


@article{johnston2006measures,
  title={Measures of effect size for chi-squared and likelihood-ratio goodness-of-fit tests},
  author={Johnston, Janis E and Berry, Kenneth J and Mielke Jr, Paul W},
  journal={Perceptual and motor skills},
  volume={103},
  number={2},
  pages={412--414},
  year={2006},
  publisher={SAGE Publications Sage CA: Los Angeles, CA}
}

@book{cohen2013statistical,
  title={Statistical power analysis for the behavioral sciences},
  author={Cohen, Jacob},
  year={2013},
  publisher={Routledge}
}

@article{cumming2014new,
  title ={The New Statistics: Why and How},
  author = {Geoff Cumming},
  journal = {Psychological Science},
  volume = {25},
  number = {1},
  pages = {7-29},
  year = {2014},
  doi = {10.1177/0956797613504966},
  URL = {https://doi.org/10.1177/0956797613504966}
}

@article{OSC2015estimating,
  title ={Estimating the reproducibility of psychological science},
  author = {{Open Science Collaboration}},
  journal = {Science},
  volume = {349},
  issue = {6251},
  pages = {aac4716},
  year = {2015},
  doi = {10.1126/science.aac4716},
  URL = {https://doi.org/10.1126/science.aac4716}
}

@article{camerer2018evaluating,
  title ={Evaluating the replicability of social science experiments in nature and science between 2010 and 2015},
  author = {Camerer, Colin F. and Dreber, Anna and Holzmeister, Felix and Ho, Teck-Hua and Huber, Jürgen and Johannesson, Magnus and Kirchler, Michael and Nave, Gideon and Nosek, Brian A. and Pfeiffer, Thomas and Altmejd, Adam and Buttrick, Nick and Chan, Taizan and Chen, Yiling and Forsell, Eskil and Gampa, Anup and Heikensten, Emma and Hummer, Lily and Imai, Taisuke and Isaksson, Siri and Manfredi, Dylan and Rose, Julia and Wagenmakers, Eric-Jan and Wu, Hang},
  journal = {Nature Human Behaviour},
  volume = {2},
  issue = {9},
  pages = {637-644},
  year = {2018},
  doi = {10.1038/s41562-018-0399-z},
  URL = {https://doi.org/10.1038/s41562-018-0399-z}
}


@article{chicco2020advantages,
  title={The advantages of the Matthews correlation coefficient (MCC) over F1 score and accuracy in binary classification evaluation},
  author={Chicco, Davide and Jurman, Giuseppe},
  journal={BMC Genomics},
  volume={21},
  issue = {1},
  pages={1-13},
  year={2020},
  publisher={Springer}
}
