
@Manual{base2023,
    title = {R: A Language and Environment for Statistical Computing},
    author = {{R Core Team}},
    organization = {R Foundation for Statistical Computing},
    address = {Vienna, Austria},
    year = {2023},
    url = {https://www.R-project.org/},
  }

@article{benshachar2020effectsize,
  title = {{e}ffectsize: Estimation of Effect Size Indices and Standardized Parameters},
  author = {Mattan S. Ben-Shachar and Daniel LÃ¼decke and Dominique Makowski},
  year = {2020},
  journal = {Journal of Open Source Software},
  volume = {5},
  number = {56},
  pages = {2815},
  publisher = {The Open Journal},
  doi = {10.21105/joss.02815},
  url = {https://doi.org/10.21105/joss.02815}
}

@book{cramer1999mathematical,
  title={Mathematical Methods of Statistics},
  author={Cram{\'e}r, Harald},
  volume={43},
  year={1999},
  publisher={Princeton University Press}
}

@book{tschuprow1939principles,
  title={Principles of the Mathematical Theory of Correlation},
  author={Tschuprow, Aleksandr Aleksandrovich},
  year={1939},
  publisher={Hodge}
}

@article{rosenberg2010generalized,
  title={A generalized formula for converting chi-square tests to effect sizes for meta-analysis},
  author={Rosenberg, Michael S},
  journal={PloS one},
  volume={5},
  number={4},
  pages={e10059},
  year={2010},
  publisher={Public Library of Science San Francisco, USA}
}


@article{johnston2006measures,
  title={Measures of effect size for chi-squared and likelihood-ratio goodness-of-fit tests},
  author={Johnston, Janis E and Berry, Kenneth J and Mielke Jr, Paul W},
  journal={Perceptual and motor skills},
  volume={103},
  number={2},
  pages={412--414},
  year={2006},
  publisher={SAGE Publications Sage CA: Los Angeles, CA}

@book{cohen2013statistical,
  title={Statistical power analysis for the behavioral sciences},
  author={Cohen, Jacob},
  year={2013},
  publisher={Routledge}
}
